<?xml version="1.0" encoding="UTF-8"?><record xmlns="http://www.loc.gov/MARC21/slim" xmlns:cinclude="http://apache.org/cocoon/include/1.0" xmlns:zs="http://www.loc.gov/zing/srw/">
  <leader>00469cz  a2200145n  4500</leader>
  <controlfield tag="001">n  81040163 </controlfield>
  <controlfield tag="003">DLC</controlfield>
  <controlfield tag="005">20090123080101.0</controlfield>
  <controlfield tag="008">810501n| acannaabn          |n aaa      </controlfield>
  <datafield tag="010" ind1=" " ind2=" ">
    <subfield code="a">n  81040163 </subfield>
  </datafield>
  <datafield tag="035" ind1=" " ind2=" ">
    <subfield code="a">(OCoLC)oca00585771</subfield>
  </datafield>
  <datafield tag="040" ind1=" " ind2=" ">
    <subfield code="a">DLC</subfield>
    <subfield code="b">eng</subfield>
    <subfield code="c">DLC</subfield>
    <subfield code="d">OCoLC</subfield>
  </datafield>
  <datafield tag="100" ind1="1" ind2=" ">
    <subfield code="a">Abbott, Dorothy</subfield>
  </datafield>
  <datafield tag="670" ind1=" " ind2=" ">
    <subfield code="a">Her Nothing's changed, c1981:</subfield>
    <subfield code="b">t.p. (Dorothy Abbott)</subfield>
  </datafield>
  <datafield tag="670" ind1=" " ind2=" ">
    <subfield code="a">FTS call to publisher 3/30/81</subfield>
    <subfield code="b">(Dorothy Abbott; publisher will supply neither real name nor d. of b.)</subfield>
  </datafield>
</record>